@article{bib:2011:Hamon,
    author    	= {Ludovic Hamon and Philippe Lucidarme and Paul Richard and Emmanuelle Richard},
    title     	= {Virtual Reality and Programming by Demonstration: Teaching a Robot to Grasp a Dynamic Object by the Generalization of Human Demonstrations},
    journal   	= {Presence: Teleoperators and Virtual Environments},
    year     	= {2011},
    pages		= {241-253},
}

@article{bib:1995:Payeur,
    author    	= {Pierre Payeur and Hoang Le-Huy and Cl√©ment M. Gosselin},
    title     	= {Trajectory prediction for moving objects using artificial neural networks. IEEE Transactions on Industrial Electronics},
    journal   	= {IEEE Transactions on Industrial Eletronics},
    year     	= {1995},
    pages		= {147-158},
}

@article{bib:2013:Nogueira,
    author    	= {Yuri L. B. Nogueira and Carlos Eduardo F. de Brito and Creto A. Vidal and Joaquim B. Cavalcante-Neto},
    title     	= {Evolving Plastic Neuromodulated Networks for Behavior Emergence of Autonomous Virtual Characters},
    journal   	= {Advances in Artificial Life},
    year     	= {2013},
}

@article{bib:2011:Renault,
    author    	= {Olivier Renault and Nadia Magnenat Thalmann and Daniel Thalmann},
    title     	= {A vision-based approach to behavioural animation},
    journal   	= {The Journal of Visualization and Computer Animation},
    year     	= {2011},
}

@article{bib:2009:Birbach,
    author    	= {Oliver Birbach and Udo Frese},
    title     	= {A Multiple Hypothesis Approach for a Ball Tracking System},
    journal   	= {Computer Vision Systems},
    year     	= {2009},
}

@article{bib:1991:Pomerleau,
    author    	= {Dean A. Pomerleau and Jay Gowdy and Charles E. Thorpe},
    title     	= {Combining Artificial Neural Networks and Symbolic Processing for Autonomous Robot Guidance},
    journal   	= {Engineering Applications of Artificial Intelligence},
    year     	= {1991},
}

@article{bib:1994:Panne,
    author    	= {Michiel van de Panne and Ryan Kim and Eugene Fiume},
    title     	= {Synthesizing Parameterized Motions},
    journal   	= {Workshop on Animation and Simulation},
    year     	= {1994},
}

@article{bib:1999:Zordan,
    author    	= {Victor B. Zordan and Jessica K. Hodgins},
    title     	= {Tracking and Modifying Upper-body Human Motion Data with Dynamic Simulation},
    journal   	= {SIGGRAPH Symposium on Computer Animation},
    year     	= {1999},
}

@article{bib:2002:Zordan,
    author    	= {Victor B. Zordan and Jessica K. Hodgins},
    title     	= {Motion capture-driven simulations that hit and react},
    journal   	= {SIGGRAPH Symposium on Computer Animation},
    year     	= {2002},
}

@article{bib:2007:Yin,
    author    	= {KangKang Yin and Kevin Loken and Michiel van de Panne},
    title     	= {SIMBICON: Simple Biped Locomotion Control},
    journal   	= {SIGGRAPH Symposium on Computer Animation},
    year     	= {2007},
}

@article{bib:2012:Geijtenbeek,
    author    	= {T. Geijtenbeek and N. Pronost and A. F. van der Stappen},
    title     	= {Simple Data-Driven Control for Simulated Bipeds},
    journal   	= {SIGGRAPH Symposium on Computer Animation},
    year     	= {2012},
}

@article{bib:2014:Silva,
    author    	= {Danilo Borges da Silva and Creto Augusto Vidal and Joaquim Bento Cavalcante-Neto and Rubens Fernandes Nunes},
    title     	= {Simple Data-Driven Control for Simulated Bipeds},
    journal   	= {Symposium on Virtual and Augmented Reality},
    year     	= {2014},
}

@article{bib:1985:Wilhelms,
    author    	= {J. Wilhelms and B. Barsky},
    title     	= {Using Dynamic Analysis for the Animation of Articulated Bodies such as Humans and Robots},
    journal   	= {Proceedings of Graphics Interface},
    year     	= {1985},
}

@article{bib:1985:Armstrong,
    author    	= {W. W. Armstrong and M. Green},
    title     	= {The Dynamics of Articulated Rigid Bodies for Purposes of Animation},
    journal   	= {Proceedings of Graphics Interface},
    year     	= {1985},
}

@article{bib:1997:Nourbakhsh,
    author    	= {Illah R. Nourbakhsh and David Andre and Carlo Tomasi and Michael R. Genesereth},
    title     	= {Mobile robot obstacle avoidance via depth from focus},
    journal   	= {Robotics and Autonomous Systems},
    year     	= {1997},
    pages		= {151-158},
}









