@article{bib:1998:Atluri,
    author    	= {S. N. Atluri and T. Zhu},
    title     	= {A new Meshless Local Petrov-Galerkin (MLPG) approach
in computational mechanics},
    journal   	= {Computational Mechanics},
    year     	= {1998},
    pages		= {117-127},
}

@article{bib:1994:synthesizing,
    author    	= {Michiel van de Panne and Ryan Kim and Eugene Fiume},
    title     	= {Synthesizing Parameterized Motions},
    journal   	= {Workshop on Animation and Simulation},
    year     	= {1994},
}

@article{bib:1999:upperbody,
    author    	= {Victor B. Zordan and Jessica K. Hodgins},
    title     	= {Tracking and Modifying Upper-body Human Motion Data with Dynamic Simulation},
    journal   	= {SIGGRAPH Symposium on Computer Animation},
    year     	= {1999},
}

@article{bib:2002:cms,
    author    	= {Victor B. Zordan and Jessica K. Hodgins},
    title     	= {Motion capture-driven simulations that hit and react},
    journal   	= {SIGGRAPH Symposium on Computer Animation},
    year     	= {2002},
}

@article{bib:2007:simbicon,
    author    	= {KangKang Yin and Kevin Loken and Michiel van de Panne},
    title     	= {SIMBICON: Simple Biped Locomotion Control},
    journal   	= {SIGGRAPH Symposium on Computer Animation},
    year     	= {2007},
}

@article{bib:2012:data-driven,
    author    	= {T. Geijtenbeek and N. Pronost and A. F. van der Stappen},
    title     	= {Simple Data-Driven Control for Simulated Bipeds},
    journal   	= {SIGGRAPH Symposium on Computer Animation},
    year     	= {2012},
}

@article{bib:2014:modelo-simplificado,
    author    	= {Danilo Borges da Silva and Creto Augusto Vidal and Joaquim Bento Cavalcante-Neto and Rubens Fernandes Nunes},
    title     	= {Simple Data-Driven Control for Simulated Bipeds},
    journal   	= {Symposium on Virtual and Augmented Reality},
    year     	= {2014},
}

@article{bib:2011:teaching-grasp,
    author    	= {Ludovic Hamon and Philippe Lucidarme and Paul Richard and Emmanuelle Richard},
    title     	= {Teaching a Robot to Grasp a Dynamic Object by the Generalisation of Human Demonstrations},
    journal   	= {Symposium on Virtual and Augmented Reality},
    year     	= {2011},
}